@inproceedings{Belshe,
    author = {Belshe, M and Peon, R and Thomson, M},
    title = {Hypertext Transfer Protocol version 2},
    booktitle = {HTTPbis Working Group},
    year = {July 30, 2014},
    numpages = {84},
    url = {http://tools.ietf.org/html/draft-ietf-httpbis-http2-14},
    publisher = {IETF (Internet Engineering Task Force)},
    address = {Fremont, CA, USA},
}

@inproceedings{Syverson,
     author = {Syverson, Paul F. and Goldschlag, David M. and Reed, Michael G.},
     title = {Anonymous Connections and Onion Routing},
     booktitle = {Proceedings of the 1997 IEEE Symposium on Security and Privacy},
     series = {SP '97},
     year = {1997},
     url = {http://dl.acm.org/citation.cfm?id=882493.884368},
     acmid = {884368},
     publisher = {IEEE Computer Society},
     address = {Washington, DC, USA},
     keywords = {Internet, communications, security, anonymity, privacy, traffic analysis},
}

@inproceedings{Dingledine,
     author = {Dingledine, Roger and Mathewson, Nick and Syverson, Paul},
     title = {Tor: The Second-generation Onion Router},
     booktitle = {Proceedings of the 13th Conference on USENIX Security Symposium - Volume 13},
     series = {SSYM'04},
     year = {2004},
     location = {San Diego, CA},
     pages = {21--21},
     numpages = {1},
     url = {http://dl.acm.org/citation.cfm?id=1251375.1251396},
     acmid = {1251396},
     publisher = {USENIX Association},
     address = {Berkeley, CA, USA},
}

@inproceedings{Han,
      author = {Han, Seungyeop and Liu, Vincent and Pu, Qifan and Peter, Simon and Anderson, Thomas E. and Krishnamurthy, Arvind and Wetherall, David},
      booktitle = {SIGCOMM},
      editor = {Chiu, Dah Ming and Wang, Jia and Barford, Paul and Seshan, Srinivasan},
      ee = {http://doi.acm.org/10.1145/2486001.2486032},
      interhash = {7fd3b100452f65915b0011080411d92b},
      intrahash = {090d1e54066b992fbbf5f759d4cac01e},
      pages = {291-302},
      publisher = {ACM},
      title = {Expressive privacy control with pseudonyms.},
      url = {http://dblp.uni-trier.de/db/conf/sigcomm/sigcomm2013.html#HanLPPAKW13},
      year = 2013
}

@inproceedings{Popa,
     author = {Popa, Raluca Ada and Redfield, Catherine M. S. and Zeldovich, Nickolai and Balakrishnan, Hari},
     title = {CryptDB: Protecting Confidentiality with Encrypted Query Processing},
     booktitle = {Proceedings of the Twenty-Third ACM Symposium on Operating Systems Principles},
     series = {SOSP '11},
     year = {2011},
     isbn = {978-1-4503-0977-6},
     location = {Cascais, Portugal},
     pages = {85--100},
     numpages = {16},
     url = {http://doi.acm.org/10.1145/2043556.2043566},
     doi = {10.1145/2043556.2043566},
     acmid = {2043566},
     publisher = {ACM},
     address = {New York, NY, USA},
}

@article{Dewey,
    author = {Dewey, Caitlin},
    title = {This debunked Kickstarter project may be the biggest crowdfunding fail to date},
    journal = {The Washington Post},
    month = {October 16},
    year = {2014},
}

@online{Lee,
    author = {Lee, Micah F.},
    title = {Onionshare},
    howpubliished = "\url{https://onionshare.org/}",
}

@online {faq,
    author = {Tor},
    title = {Tor Project: FAQ},
    howpublished = "\url{https://www.torproject.org/docs/faq.html.en#FileSharing}",
}

@online{rendezvous,
    author = {Dingledine, Roger and Mathewson, Nick and Syverson, Paul},
    title = {Rendezvous points and hidden services},
    howpublished = "\url{https://svn.torproject.org/svn/projects/design-paper/tor-design.html#sec:rendezvous}",
}

@online{silkroad,
    author = {Cubrilovic, Nic},
    title = {Analyzing the FBI's Explanation of How They Located Silk Road},
    howpublished = "\url{https://www.nikcub.com/posts/analyzing-fbi-explanation-silk-road/}",
}

@online{brewster,
    author = {Brewster, Thomas},
    title = {Swedish Researchers Uncover Dirty Tor Exit Relays},
    howpublished = "\url{http://www.techweekeurope.co.uk/workspace/malicious-tor-exit-relays-136828}",
}

@online{kovacs,
    author = {Kovacs, Eduard},
    title = {Operation against Tor dark markets raises security concernts},
    howpublished = "\url{http://www.securityweek.com/operation-against-tor-dark-markets-raises-security-concerns}",
}

@online{tails,
    author = {Tails},
    title = {Tails: the amnesiac incognito live system},
    howpublished = "\url{https://tails.boum.org/}"
}

@online{Apple,
    author = {Kerris, Natalie and Muller, Trudy},
    title = {Apple media advisory: update to celebrity photo investigation},
    howpublished = "\url{http://www.apple.com/pr/library/2014/09/02Apple-Media-Advisory.html}"
}

@online{Poitras,
    author = {Greenberg, Andy and Poitras, Laura},
    title = {These are the emails Snowden sent to first introduce his epic NSA leaks},
    howpublished = "\url{http://www.wired.com/2014/10/snowdens-first-emails-to-poitras/}",
}

@inproceedings{Clarke,
     author = {Clarke, Ian and Sandberg, Oskar and Wiley, Brandon and Hong, Theodore W.},
     title = {Freenet: A Distributed Anonymous Information Storage and Retrieval System},
     booktitle = {International Workshop on Designing Privacy Enhancing Technologies: Design Issues in Anonymity and Unobservability},
     year = {2001},
     isbn = {3-540-41724-9},
     location = {Berkeley, California, USA},
     pages = {46--66},
     numpages = {21},
     url = {http://dl.acm.org/citation.cfm?id=371931.371977},
     acmid = {371977},
     publisher = {Springer-Verlag New York, Inc.},
     address = {New York, NY, USA},
}

@misc{jrandom,
      title = {Invisible Internet Project (I2P) Project Overview},
      author = {jrandom (Pseudonym)},
      year = {2003},
      month = {August},
      howpublished = {Design document},
      www_tags = {tech-report},
      www_section = {Anonymous communication},
      www_pdf_url = {/_static/pdf/i2p_philosophy.pdf},
}


@inproceedings{Timpanaro,
      title = {A Bird's Eye View on the I2P Anonymous File-sharing Environment},
      author = {Timpanaro, Juan Pablo and Chrisment, Isabelle and Festor, Olivier},
      booktitle = {Proceedings of the 6th International Conference on Network and System Security},
      year = {2012},
      month = {November},
      address = {Wu Yi Shan, China},
      hal_id = {hal-00744919},
      language = {English},
      url = {http://hal.inria.fr/hal-00744919},
}

@inproceedings{Jansen,
      title = {The Sniper Attack: Anonymously Deanonymizing and Disabling the {T}or Network},
      author = {Rob Jansen and Florian Tschorsch and Aaron Johnson and Bj{\"{o}}rn Scheuermann},
      booktitle = {Proceedings of the Network and Distributed Security Symposium - {NDSS} '14},
      year = {2014},
      month = {February},
      publisher = {IEEE},
      www_tags = {selected},
      www_pdf_url = {http://www.robgjansen.com/publications/sniper-ndss2014.pdf},
      www_section = {Traffic analysis},
}

@inproceedings{Chakravarty,
      title = {On the Effectiveness of Traffic Analysis Against Anonymity Networks Using Flow Records},
      author = {S. Chakravarty and M. V. Barbera and G. Portokalidis and M. Polychronakis and A. D. Keromytis},
      booktitle = {Proceedings of the 15th Passive and Active Measurements Conference (PAM '14)},
      year = {2014},
      month = {March},
      www_pdf_url = {http://www.cs.columbia.edu/~sc2516/papers/pam2014-tor-nfattack.pdf},
      www_tags = {selected},
      www_section = {Traffic analysis},
}
